<?xml version="1.0" encoding="UTF-8"?><collection xmlns="http://www.loc.gov/MARC21/slim"><record><leader>00350nam--2200133-i-4500</leader><controlfield tag="001">000022762</controlfield><controlfield tag="002">20161230</controlfield><controlfield tag="005">20161230201034</controlfield><controlfield tag="008">060222s1000------------r-----000-0-eng-d</controlfield><datafield ind1=" " ind2=" " tag="080"><subfield code="a">621.375.826</subfield></datafield><datafield ind1=" " ind2=" " tag="100"><subfield code="a">Heard, H.G</subfield></datafield><datafield ind1=" " ind2=" " tag="245"><subfield code="a">Laser parameter measurements handbook. vol.2</subfield></datafield><datafield ind1=" " ind2=" " tag="260"><subfield code="a">New York, Griffiss Air Force Base, 1967, P.Dif</subfield></datafield><datafield ind1=" " ind2=" " tag="852"><subfield code="a">28042</subfield></datafield></record></collection>